@article{zerbet2003new,
  title={A new statistic for detecting outliers in exponential case},
  author={Zerbet, Aicha and Nikulin, Mikhail},
  journal={Communications in Statistics-Theory and Methods},
  volume={32},
  number={3},
  pages={573--583},
  year={2003},
  publisher={Taylor \& Francis}
}

@article{chikkagoudar1983distributions,
  title={Distributions of test statistics for multiple outliers in exponential samples},
  author={Chikkagoudar, MS and Kunchur, SH},
  journal={Communications in Statistics-Theory and Methods},
  volume={12},
  number={18},
  pages={2127--2142},
  year={1983},
  publisher={Taylor \& Francis}
}

@book{hogg2019introduction,
title={Introduction to mathematical statistics},
author={Robert V Hogg, Joseph W McKean and Allen T Craig},
year = {2019},
publisher={Pearson},
pages = {299}
}

@book{casella2002statistical,
  title={Statistical inference},
  author={Casella, George and Berger, Roger L},
  volume={2},
  year={2002},
  publisher={Duxbury Pacific Grove, CA}
}

@book{balakrishnan2004primer,
  title={A primer on statistical distributions},
  author={Balakrishnan, Narayanaswamy and Nevzorov, Valery B},
  year={2004},
  publisher={John Wiley \& Sons},
  address = {Hoboken, New Jersey}
}

@book{barnett1984outliers,
  title={Outliers in statistical data},
  edition = 2,
  author={Barnett, Vic and Lewis, Toby},
  journal={John Wiley \& Sons},
  year={1993},
  address = {Chichester, England}
}
@article{jabbari2019detecting,
  title={On detecting outliers in the Pareto distribution},
  author={Jabbari Nooghabi, Mehdi},
  journal={Journal of Statistical Computation and Simulation},
  volume={89},
  number={8},
  pages={1466--1481},
  year={2019},
  publisher={Taylor \& Francis}
}
@article{grubbs1969procedures,
  title={Procedures for detecting outlying observations in samples},
  author={Grubbs, Frank E},
  journal={Technometrics},
  volume={11},
  number={1},
  pages={1--21},
  year={1969},
  publisher={Taylor \& Francis}
}
@inproceedings{ferdousi2006unsupervised,
  title={Unsupervised outlier detection in time series data},
  author={Ferdousi, Zakia and Maeda, Akira},
  booktitle={22nd International Conference on Data Engineering Workshops (ICDEW'06)},
  pages={x121--x121},
  year={2006},
  organization={IEEE}
}

@article{norton2018outlier,
  title={Outlier detection for improved differential splicing quantification from RNA-Seq experiments with replicates},
  author={Norton, Scott S and Vaquero-Garcia, Jorge and Lahens, Nicholas F and Grant, Gregory R and Barash, Yoseph},
  journal={Bioinformatics},
  volume={34},
  number={9},
  pages={1488--1497},
  year={2018},
  publisher={Oxford University Press}
}

@article{rosner1975detection,
  title={On the detection of many outliers},
  author={Rosner, Bernard},
  journal={Technometrics},
  volume={17},
  number={2},
  pages={221--227},
  year={1975},
  publisher={Taylor \& Francis Group}
}

@article{kaminsky1975best,
  title={Best linear unbiased prediction of order statistics in location and scale families},
  author={Kaminsky, Kenneth S and Nelson, Paul I},
  journal={Journal of the American Statistical Association},
  volume={70},
  number={349},
  pages={145--150},
  year={1975},
  publisher={Taylor \& Francis Group}
}

@article{lim1999haberman,
  title={Haberman's Survival Data Set},
  author={Lim, TS},
  journal={UCI Machine Learning Repository, University of California, School of Information and Computer Science, Irvine, CA},
  year={1999}
}

@article{fisher1983relation,
  title={Relation of number of positive axillary nodes to the prognosis of patients with primary breast cancer. An NSABP update},
  author={Fisher, Bernard and Bauer, Madeline and Wickerham, D Lawrence and Redmond, Carol K and Fisher, Edwin R and Cruz, Anatolio B and Foster, Roger and Gardner, Bernard and Lerner, Harvey and Margolese, Richard and others},
  journal={Cancer},
  volume={52},
  number={9},
  pages={1551--1557},
  year={1983},
  publisher={Wiley Online Library}
}